@ONLINE{VUE:DOC,
AUTHOR="Evan You",
TITLE="API",
YEAR={2019},
URL="https://vuejs.org/v2/api",
URLDATE={2019-05}
}